<collection xmlns="http://www.loc.gov/MARC21/slim">
<record>
  <leader>01634nam0a2200337 i 450 </leader>
  <controlfield tag="001">IT\ICCU\CNCE\004014</controlfield>
  <controlfield tag="005">19970101000000.0</controlfield>
  <datafield tag="012" ind1=" " ind2=" ">
    <subfield code="a">o-e- enru b-e, tine (C) 1550 (R)</subfield>
    <subfield code="2">fei</subfield>
  </datafield>
  <datafield tag="100" ind1=" " ind2=" ">
    <subfield code="a">19970101d1550        0itac0103    ba</subfield>
  </datafield>
  <datafield tag="101" ind1=" " ind2=" ">
    <subfield code="a">LAT</subfield>
  </datafield>
  <datafield tag="102" ind1=" " ind2=" ">
    <subfield code="a">IT</subfield>
  </datafield>
  <datafield tag="200" ind1="1" ind2=" ">
    <subfield code="a">De regressu demonstratiuo quaesitum optatissimum ... Cum annotationibus scholiisque Gometii Pagani</subfield>
  </datafield>
  <datafield tag="210" ind1=" " ind2=" ">
    <subfield code="a">Neapo.</subfield>
    <subfield code="c">apud Mathiam Cancerem</subfield>
    <subfield code="d">1550</subfield>
  </datafield>
  <datafield tag="215" ind1=" " ind2=" ">
    <subfield code="a">\1!, 11 c.</subfield>
    <subfield code="d">fol</subfield>
  </datafield>
  <datafield tag="620" ind1=" " ind2=" ">
    <subfield code="a">IT</subfield>
    <subfield code="d">Napoli</subfield>
  </datafield>
  <datafield tag="700" ind1=" " ind2="1">
    <subfield code="a">Balduini,</subfield>
    <subfield code="b">Girolamo</subfield>
    <subfield code="3">IT\ICCU\CNCA\001177</subfield>
  </datafield>
  <datafield tag="702" ind1=" " ind2="1">
    <subfield code="a">Pagano,</subfield>
    <subfield code="b">Giovanni Gomezio</subfield>
    <subfield code="3">IT\ICCU\CNCA\001013</subfield>
  </datafield>
  <datafield tag="712" ind1="0" ind2="0">
    <subfield code="a">Cancer, Mattia</subfield>
    <subfield code="3">IT\ICCU\CNCT\000279</subfield>
    <subfield code="4">650</subfield>
  </datafield>
  <datafield tag="790" ind1=" " ind2="1">
    <subfield code="a">Paganus,</subfield>
    <subfield code="b">Gometius</subfield>
    <subfield code="3">IT\ICCU\CNCA\014626</subfield>
    <subfield code="z">Pagano, Giovanni Gomezio</subfield>
  </datafield>
  <datafield tag="790" ind1=" " ind2="1">
    <subfield code="a">Pagano,</subfield>
    <subfield code="b">Giovanni Gometio</subfield>
    <subfield code="3">IT\ICCU\CNCA\021715</subfield>
    <subfield code="z">Pagano, Giovanni Gomezio</subfield>
  </datafield>
  <datafield tag="791" ind1="0" ind2="2">
    <subfield code="a">Mathias Brixiensis</subfield>
    <subfield code="3">IT\ICCU\CNCT\003074</subfield>
    <subfield code="z">Cancer, Mattia</subfield>
  </datafield>
  <datafield tag="791" ind1="0" ind2="0">
    <subfield code="a">Canzer, Matteo</subfield>
    <subfield code="3">IT\ICCU\CNCT\003075</subfield>
    <subfield code="z">Cancer, Mattia</subfield>
  </datafield>
  <datafield tag="791" ind1="0" ind2="2">
    <subfield code="a">Matthaeus Bionensis</subfield>
    <subfield code="3">IT\ICCU\CNCT\003076</subfield>
    <subfield code="z">Cancer, Mattia</subfield>
  </datafield>
  <datafield tag="791" ind1="0" ind2="0">
    <subfield code="a">Canze, Mathia</subfield>
    <subfield code="3">IT\ICCU\CNCT\004429</subfield>
    <subfield code="z">Cancer, Mattia</subfield>
  </datafield>
  <datafield tag="791" ind1="0" ind2="2">
    <subfield code="a">Officina Canzeana</subfield>
    <subfield code="3">IT\ICCU\CNCT\004430</subfield>
    <subfield code="z">Cancer, Mattia</subfield>
  </datafield>
  <datafield tag="801" ind1=" " ind2="3">
    <subfield code="a">IT</subfield>
    <subfield code="b">ICCU</subfield>
    <subfield code="c">20201113</subfield>
  </datafield>
  <datafield tag="899" ind1=" " ind2=" ">
    <subfield code="a">Biblioteca della Societ ̉di storia patria di Terra di lavoro Fortunato Messa. Caserta</subfield>
    <subfield code="1">CE0014</subfield>
    <subfield code="2">NAP 24</subfield>
  </datafield>
  <datafield tag="899" ind1=" " ind2=" ">
    <subfield code="a">Biblioteca centrale della Regione siciliana Alberto Bombace. Palermo</subfield>
    <subfield code="1">PA0064</subfield>
    <subfield code="2">PAL BP</subfield>
  </datafield>
  <datafield tag="899" ind1=" " ind2=" ">
    <subfield code="a">Biblioteca comunale. Assisi</subfield>
    <subfield code="1">PG0001</subfield>
    <subfield code="2">UM1 10</subfield>
  </datafield>
  <datafield tag="899" ind1=" " ind2=" ">
    <subfield code="a">Biblioteca comunale Augusta. Perugia</subfield>
    <subfield code="1">PG0109</subfield>
    <subfield code="2">UM1 01</subfield>
  </datafield>
  <datafield tag="899" ind1=" " ind2=" ">
    <subfield code="a">Biblioteca statale del Monumento nazionale. Cava dei Tirreni</subfield>
    <subfield code="1">SA0088</subfield>
    <subfield code="2">NAP 95</subfield>
  </datafield>
</record>
</collection>
